@book{kramme2016medizintechnik,
	title={Medizintechnik: Verfahren - Systeme - Informationsverarbeitung},
	author={Kramme, R.},
	isbn={9783662487716},
	series={Medizintechnik},
	url={https://books.google.de/books?id=48eSDQAAQBAJ},
	year={2016},
	publisher={Springer Berlin Heidelberg}
}

@misc{ wiki:HF,
	author = {Wikipedia},
	title = {{HF}-Chirurgie},
	year = {Stand: 20.11.2018},
	note = {https://de.wikipedia.org/wiki/HF-Chirurgie},
}

@misc{piezoChirurgie,
	author = {Zahnimplantatwissen.de},
	title = {Piezo-Chirurgie},
	year = {Stand: 20.11.2018},
	note = {https://www.zahnimplantatwissen.de/lexikon/piezotechnologie.html},
}

@article{davidson,
	author =       "Davison J, Zamah N",
	title =        "Electrosurgery: Principles, Biologic Effects and Results in Female Reproductive Surgery",
	year =         "2008",
}

@article{dual,
	author =       "Tawfik H, Fouad Y, Hafez R",
	title =        "Dual-sided electrosurgery handpiece for simultaneous tissue cutting and coagulation: first report on a conceptual design validated by an animal experiment",
	year =         "2015",
}

@article{waterCool,
	title={A Water-Cooling Eletrome on Reducing Tissue Thermal Damage},
	author={Minggao Li and Xinggang Jiang and Wenshuai Wu and Deyuan Zhang},
	journal={2018 IEEE International Conference on Mechatronics and Automation (ICMA)},
	year={2018},
	pages={121-125}
}